[
  { "id": 1000, "companyId": 10, "year": 2020, "quarter": null, "reportType": "Annual", "totalRevenue": 209400000000, "netProfit": -20500000000, "totalAssets": 654000000000, "totalLiabilities": 501000000000, "totalEquity": 153000000000, "operatingCashFlow": 12500000000, "status": "Approved", "submissionDate": "2020-11-30T00:00:00Z", "approvalDate": "2021-01-15T00:00:00Z", "approvedBy": "Audit Committee", "comments": "Going concern uncertainty noted. Government guarantees of R350bn in place. Qualified audit opinion issued." },
  { "id": 1001, "companyId": 10, "year": 2021, "quarter": null, "reportType": "Annual", "totalRevenue": 196800000000, "netProfit": -18900000000, "totalAssets": 673000000000, "totalLiabilities": 519000000000, "totalEquity": 154000000000, "operatingCashFlow": 14200000000, "status": "Approved", "submissionDate": "2021-11-30T00:00:00Z", "approvalDate": "2022-01-20T00:00:00Z", "approvedBy": "Audit Committee", "comments": "Continued financial distress. R350bn debt restructuring discussions with National Treasury ongoing." },
  { "id": 1002, "companyId": 10, "year": 2022, "quarter": null, "reportType": "Annual", "totalRevenue": 220100000000, "netProfit": -12300000000, "totalAssets": 695000000000, "totalLiabilities": 532000000000, "totalEquity": 163000000000, "operatingCashFlow": 18700000000, "status": "Approved", "submissionDate": "2022-11-30T00:00:00Z", "approvalDate": "2023-01-25T00:00:00Z", "approvedBy": "Audit Committee", "comments": "Stage 6 load shedding implemented for over 100 days. Coal supply disruptions at multiple power stations." },
  { "id": 1003, "companyId": 10, "year": 2023, "quarter": null, "reportType": "Annual", "totalRevenue": 235600000000, "netProfit": -23900000000, "totalAssets": 701000000000, "totalLiabilities": 548000000000, "totalEquity": 153000000000, "operatingCashFlow": 11300000000, "status": "Approved", "submissionDate": "2023-11-30T00:00:00Z", "approvalDate": "2024-01-30T00:00:00Z", "approvedBy": "Audit Committee", "comments": "Government debt relief of R254bn commenced. Transmission entity establishment underway per Electricity Regulation Amendment Act." },
  { "id": 1004, "companyId": 10, "year": 2024, "quarter": null, "reportType": "Annual", "totalRevenue": 248300000000, "netProfit": 5200000000, "totalAssets": 712000000000, "totalLiabilities": 541000000000, "totalEquity": 171000000000, "operatingCashFlow": 22100000000, "status": "Approved", "submissionDate": "2024-11-30T00:00:00Z", "approvalDate": "2025-01-20T00:00:00Z", "approvedBy": "Audit Committee", "comments": "First net profit in six years. Load shedding ended March 2024. Debt restructuring improving balance sheet." },
  { "id": 1005, "companyId": 10, "year": 2024, "quarter": 1, "reportType": "Quarterly", "totalRevenue": 58200000000, "netProfit": -1200000000, "totalAssets": 702000000000, "totalLiabilities": 544000000000, "totalEquity": 158000000000, "operatingCashFlow": 4800000000, "status": "Approved", "submissionDate": "2024-05-15T00:00:00Z", "approvalDate": "2024-06-10T00:00:00Z", "approvedBy": "CFO", "comments": "Q1 results show improving trajectory with reduced load shedding days." },
  { "id": 1006, "companyId": 10, "year": 2024, "quarter": 2, "reportType": "Quarterly", "totalRevenue": 62100000000, "netProfit": 2100000000, "totalAssets": 706000000000, "totalLiabilities": 542000000000, "totalEquity": 164000000000, "operatingCashFlow": 5900000000, "status": "Approved", "submissionDate": "2024-08-15T00:00:00Z", "approvalDate": "2024-09-10T00:00:00Z", "approvedBy": "CFO", "comments": "Q2 profitable following end of load shedding and NERSA tariff adjustment." },

  { "id": 1007, "companyId": 11, "year": 2020, "quarter": null, "reportType": "Annual", "totalRevenue": 82100000000, "netProfit": 3200000000, "totalAssets": 312000000000, "totalLiabilities": 218000000000, "totalEquity": 94000000000, "operatingCashFlow": 21300000000, "status": "Approved", "submissionDate": "2020-09-30T00:00:00Z", "approvalDate": "2020-11-15T00:00:00Z", "approvedBy": "Audit Committee", "comments": "Solid performance despite COVID-19 impact on freight volumes. NDP investments on track." },
  { "id": 1008, "companyId": 11, "year": 2021, "quarter": null, "reportType": "Annual", "totalRevenue": 79400000000, "netProfit": -800000000, "totalAssets": 318000000000, "totalLiabilities": 223000000000, "totalEquity": 95000000000, "operatingCashFlow": 18600000000, "status": "Approved", "submissionDate": "2021-09-30T00:00:00Z", "approvalDate": "2021-11-20T00:00:00Z", "approvedBy": "Audit Committee", "comments": "Marginal loss due to COVID-19 freight disruptions and cable theft escalation at railways." },
  { "id": 1009, "companyId": 11, "year": 2022, "quarter": null, "reportType": "Annual", "totalRevenue": 85300000000, "netProfit": 2100000000, "totalAssets": 327000000000, "totalLiabilities": 228000000000, "totalEquity": 99000000000, "operatingCashFlow": 22800000000, "status": "Approved", "submissionDate": "2022-09-30T00:00:00Z", "approvalDate": "2022-11-25T00:00:00Z", "approvedBy": "Audit Committee", "comments": "Recovery in freight volumes. Port congestion at Durban harbour remains key operational risk." },
  { "id": 1010, "companyId": 11, "year": 2023, "quarter": null, "reportType": "Annual", "totalRevenue": 87600000000, "netProfit": 1500000000, "totalAssets": 335000000000, "totalLiabilities": 233000000000, "totalEquity": 102000000000, "operatingCashFlow": 20100000000, "status": "Approved", "submissionDate": "2023-09-30T00:00:00Z", "approvalDate": "2023-11-28T00:00:00Z", "approvedBy": "Audit Committee", "comments": "Ongoing challenges at Durban Port and Saldanha iron ore terminal. Rail crime costing est. R5bn annually." },
  { "id": 1011, "companyId": 11, "year": 2024, "quarter": null, "reportType": "Annual", "totalRevenue": 91200000000, "netProfit": 4300000000, "totalAssets": 342000000000, "totalLiabilities": 229000000000, "totalEquity": 113000000000, "operatingCashFlow": 24500000000, "status": "Approved", "submissionDate": "2024-09-30T00:00:00Z", "approvalDate": "2024-11-20T00:00:00Z", "approvedBy": "Audit Committee", "comments": "Improved port throughput following Transnet Recovery Plan implementation. Rail volumes recovering." },
  { "id": 1012, "companyId": 11, "year": 2024, "quarter": 1, "reportType": "Quarterly", "totalRevenue": 21800000000, "netProfit": 980000000, "totalAssets": 337000000000, "totalLiabilities": 231000000000, "totalEquity": 106000000000, "operatingCashFlow": 5600000000, "status": "Approved", "submissionDate": "2024-05-15T00:00:00Z", "approvalDate": "2024-06-12T00:00:00Z", "approvedBy": "CFO", "comments": "Q1 positive. Port efficiency programme showing results." },
  { "id": 1013, "companyId": 11, "year": 2024, "quarter": 2, "reportType": "Quarterly", "totalRevenue": 23100000000, "netProfit": 1200000000, "totalAssets": 339000000000, "totalLiabilities": 230000000000, "totalEquity": 109000000000, "operatingCashFlow": 6200000000, "status": "Approved", "submissionDate": "2024-08-15T00:00:00Z", "approvalDate": "2024-09-08T00:00:00Z", "approvedBy": "CFO", "comments": "Durban container terminal throughput up 18% year-on-year." },

  { "id": 1014, "companyId": 12, "year": 2020, "quarter": null, "reportType": "Annual", "totalRevenue": 8100000000, "netProfit": -5200000000, "totalAssets": 14200000000, "totalLiabilities": 19800000000, "totalEquity": -5600000000, "operatingCashFlow": -3100000000, "status": "Approved", "submissionDate": "2021-03-31T00:00:00Z", "approvalDate": "2021-06-01T00:00:00Z", "approvedBy": "Business Rescue Practitioners", "comments": "COVID-19 decimated revenues. Entered voluntary business rescue December 2019. Negative equity position." },
  { "id": 1015, "companyId": 12, "year": 2021, "quarter": null, "reportType": "Annual", "totalRevenue": 3200000000, "netProfit": -7800000000, "totalAssets": 7100000000, "totalLiabilities": 21600000000, "totalEquity": -14500000000, "operatingCashFlow": -4800000000, "status": "Approved", "submissionDate": "2022-03-31T00:00:00Z", "approvalDate": "2022-06-15T00:00:00Z", "approvedBy": "Business Rescue Practitioners", "comments": "Deeply negative equity. Business rescue concluded. Government bailout and new strategic equity partner sought." },
  { "id": 1016, "companyId": 12, "year": 2022, "quarter": null, "reportType": "Annual", "totalRevenue": 9400000000, "netProfit": -2100000000, "totalAssets": 12500000000, "totalLiabilities": 16300000000, "totalEquity": -3800000000, "operatingCashFlow": -900000000, "status": "Approved", "submissionDate": "2022-12-31T00:00:00Z", "approvalDate": "2023-03-20T00:00:00Z", "approvedBy": "Audit Committee", "comments": "Relaunched September 2021. Revenue growing but costs remain elevated. Fleet lease renegotiations underway." },
  { "id": 1017, "companyId": 12, "year": 2023, "quarter": null, "reportType": "Annual", "totalRevenue": 11200000000, "netProfit": -1500000000, "totalAssets": 14800000000, "totalLiabilities": 16100000000, "totalEquity": -1300000000, "operatingCashFlow": 200000000, "status": "Approved", "submissionDate": "2023-12-31T00:00:00Z", "approvalDate": "2024-03-15T00:00:00Z", "approvedBy": "Audit Committee", "comments": "Positive operating cash flow for first time post-rescue. International routes gradually reinstated." },
  { "id": 1018, "companyId": 12, "year": 2024, "quarter": null, "reportType": "Annual", "totalRevenue": 12800000000, "netProfit": -800000000, "totalAssets": 16500000000, "totalLiabilities": 16800000000, "totalEquity": -300000000, "operatingCashFlow": 1100000000, "status": "Approved", "submissionDate": "2024-12-31T00:00:00Z", "approvalDate": "2025-03-10T00:00:00Z", "approvedBy": "Audit Committee", "comments": "Continued path to profitability. Fleet rejuvenation plan approved. Codeshare agreements expanded." },
  { "id": 1019, "companyId": 12, "year": 2024, "quarter": 1, "reportType": "Quarterly", "totalRevenue": 2900000000, "netProfit": -350000000, "totalAssets": 15200000000, "totalLiabilities": 16500000000, "totalEquity": -1300000000, "operatingCashFlow": 180000000, "status": "Approved", "submissionDate": "2024-05-31T00:00:00Z", "approvalDate": "2024-06-20T00:00:00Z", "approvedBy": "CFO", "comments": "Q1 load factor 74.2%. Fuel costs remain primary pressure." },
  { "id": 1020, "companyId": 12, "year": 2024, "quarter": 2, "reportType": "Quarterly", "totalRevenue": 3400000000, "netProfit": -180000000, "totalAssets": 15800000000, "totalLiabilities": 16600000000, "totalEquity": -800000000, "operatingCashFlow": 320000000, "status": "Approved", "submissionDate": "2024-08-31T00:00:00Z", "approvalDate": "2024-09-25T00:00:00Z", "approvedBy": "CFO", "comments": "Q2 winter season performed above expectations on Cape Town and Johannesburg routes." },

  { "id": 1021, "companyId": 13, "year": 2020, "quarter": null, "reportType": "Annual", "totalRevenue": 4500000000, "netProfit": -1200000000, "totalAssets": 9800000000, "totalLiabilities": 7200000000, "totalEquity": 2600000000, "operatingCashFlow": -650000000, "status": "Approved", "submissionDate": "2020-12-31T00:00:00Z", "approvalDate": "2021-03-15T00:00:00Z", "approvedBy": "Audit Committee", "comments": "Pension fund deficit of R2.5bn remains key liability. Export order book impacted by contract delays." },
  { "id": 1022, "companyId": 13, "year": 2021, "quarter": null, "reportType": "Annual", "totalRevenue": 3800000000, "netProfit": -2300000000, "totalAssets": 8900000000, "totalLiabilities": 7800000000, "totalEquity": 1100000000, "operatingCashFlow": -1200000000, "status": "Approved", "submissionDate": "2021-12-31T00:00:00Z", "approvalDate": "2022-03-20T00:00:00Z", "approvedBy": "Audit Committee", "comments": "Severe financial distress. Salary arrears of R3.8bn. Key technical staff exodus impacting delivery capability." },
  { "id": 1023, "companyId": 13, "year": 2022, "quarter": null, "reportType": "Annual", "totalRevenue": 4000000000, "netProfit": -1800000000, "totalAssets": 9100000000, "totalLiabilities": 7900000000, "totalEquity": 1200000000, "operatingCashFlow": -900000000, "status": "Approved", "submissionDate": "2022-12-31T00:00:00Z", "approvalDate": "2023-03-18T00:00:00Z", "approvedBy": "Audit Committee", "comments": "Turnaround plan initiated. International partnerships with Rheinmetall and EDGE Group explored." },
  { "id": 1024, "companyId": 13, "year": 2023, "quarter": null, "reportType": "Annual", "totalRevenue": 4200000000, "netProfit": -900000000, "totalAssets": 9400000000, "totalLiabilities": 7600000000, "totalEquity": 1800000000, "operatingCashFlow": -380000000, "status": "Approved", "submissionDate": "2023-12-31T00:00:00Z", "approvalDate": "2024-03-22T00:00:00Z", "approvedBy": "Audit Committee", "comments": "Improving trend. Rooivalk combat helicopter export contract signed. LMT partnership formalised." },
  { "id": 1025, "companyId": 13, "year": 2024, "quarter": null, "reportType": "Annual", "totalRevenue": 4700000000, "netProfit": -500000000, "totalAssets": 9800000000, "totalLiabilities": 7300000000, "totalEquity": 2500000000, "operatingCashFlow": 120000000, "status": "Pending", "submissionDate": "2024-12-31T00:00:00Z", "approvalDate": null, "approvedBy": null, "comments": "Positive operating cash flow achieved. Turnaround plan milestones being met. Pension deficit restructuring in progress." },
  { "id": 1026, "companyId": 13, "year": 2024, "quarter": 1, "reportType": "Quarterly", "totalRevenue": 1050000000, "netProfit": -180000000, "totalAssets": 9500000000, "totalLiabilities": 7500000000, "totalEquity": 2000000000, "operatingCashFlow": -80000000, "status": "Approved", "submissionDate": "2024-05-31T00:00:00Z", "approvalDate": "2024-06-25T00:00:00Z", "approvedBy": "CFO", "comments": "Q1 revenue up 8% vs prior year. Ammunition deliveries to SANDF on schedule." },
  { "id": 1027, "companyId": 13, "year": 2024, "quarter": 2, "reportType": "Quarterly", "totalRevenue": 1180000000, "netProfit": -90000000, "totalAssets": 9600000000, "totalLiabilities": 7450000000, "totalEquity": 2150000000, "operatingCashFlow": 50000000, "status": "Approved", "submissionDate": "2024-08-31T00:00:00Z", "approvalDate": "2024-09-20T00:00:00Z", "approvedBy": "CFO", "comments": "Q2 first quarterly positive cash flow. Land systems division performing well." }
]
