[
  { "id": 2000, "companyId": 20, "year": 2023, "quarter": null, "reportType": "Annual", "totalRevenue": 58500000000, "netProfit": 2800000000, "totalAssets": 265000000000, "totalLiabilities": 178000000000, "totalEquity": 87000000000, "operatingCashFlow": 12000000000, "status": "Approved", "submissionDate": "2024-03-31T00:00:00Z", "approvalDate": "2024-04-30T00:00:00Z", "approvedBy": "PS, State Department for Energy", "comments": "FY2023 results reflect improved revenue collection and Last Mile Electricity Project expansion. New connections increased 12.4% year-on-year." },
  { "id": 2001, "companyId": 20, "year": 2022, "quarter": null, "reportType": "Annual", "totalRevenue": 54200000000, "netProfit": 2100000000, "totalAssets": 248000000000, "totalLiabilities": 168000000000, "totalEquity": 80000000000, "operatingCashFlow": 10500000000, "status": "Approved", "submissionDate": "2023-03-31T00:00:00Z", "approvalDate": "2023-04-28T00:00:00Z", "approvedBy": "PS, State Department for Energy", "comments": "Revenue growth of 7.2% year-on-year. Power Purchase Agreements renegotiated with KenGen and independent power producers." },
  { "id": 2002, "companyId": 20, "year": 2021, "quarter": null, "reportType": "Annual", "totalRevenue": 50800000000, "netProfit": 1800000000, "totalAssets": 235000000000, "totalLiabilities": 162000000000, "totalEquity": 73000000000, "operatingCashFlow": 9800000000, "status": "Approved", "submissionDate": "2022-03-31T00:00:00Z", "approvalDate": "2022-04-29T00:00:00Z", "approvedBy": "PS, State Department for Energy", "comments": "Recovery from COVID-19 pandemic impact. Industrial demand returned to pre-pandemic levels by Q3." },
  { "id": 2003, "companyId": 20, "year": 2020, "quarter": null, "reportType": "Annual", "totalRevenue": 47500000000, "netProfit": 1200000000, "totalAssets": 220000000000, "totalLiabilities": 155000000000, "totalEquity": 65000000000, "operatingCashFlow": 8500000000, "status": "Approved", "submissionDate": "2021-03-31T00:00:00Z", "approvalDate": "2021-04-30T00:00:00Z", "approvedBy": "PS, State Department for Energy", "comments": "COVID-19 impacted commercial and industrial demand by an estimated KES 3.5bn. Cost-cutting measures partially offset revenue decline." },
  { "id": 2004, "companyId": 20, "year": 2019, "quarter": null, "reportType": "Annual", "totalRevenue": 45200000000, "netProfit": 900000000, "totalAssets": 208000000000, "totalLiabilities": 148000000000, "totalEquity": 60000000000, "operatingCashFlow": 7900000000, "status": "Approved", "submissionDate": "2020-03-31T00:00:00Z", "approvalDate": "2020-04-30T00:00:00Z", "approvedBy": "PS, State Department for Energy", "comments": "Steady growth trajectory. Significant capital investment in 400 kV transmission infrastructure from Olkaria to Nairobi." },
  { "id": 2005, "companyId": 21, "year": 2023, "quarter": null, "reportType": "Annual", "totalRevenue": 43500000000, "netProfit": -3800000000, "totalAssets": 89000000000, "totalLiabilities": 125000000000, "totalEquity": -36000000000, "operatingCashFlow": 2100000000, "status": "Approved", "submissionDate": "2024-03-31T00:00:00Z", "approvalDate": "2024-04-30T00:00:00Z", "approvedBy": "PS, State Department for Transport", "comments": "Continued losses driven by high fuel costs and legacy debt service obligations. Government-supported restructuring plan under implementation. Fleet utilisation improved to 78%." },
  { "id": 2006, "companyId": 21, "year": 2022, "quarter": null, "reportType": "Annual", "totalRevenue": 38900000000, "netProfit": -5200000000, "totalAssets": 82000000000, "totalLiabilities": 118000000000, "totalEquity": -36000000000, "operatingCashFlow": 1500000000, "status": "Approved", "submissionDate": "2023-03-31T00:00:00Z", "approvalDate": "2023-04-28T00:00:00Z", "approvedBy": "PS, State Department for Transport", "comments": "Revenue recovery post-COVID but high operational costs persist. Government equity injection of KES 15bn received in Q3 2022." },
  { "id": 2007, "companyId": 21, "year": 2021, "quarter": null, "reportType": "Annual", "totalRevenue": 25300000000, "netProfit": -8600000000, "totalAssets": 75000000000, "totalLiabilities": 110000000000, "totalEquity": -35000000000, "operatingCashFlow": -1200000000, "status": "Approved", "submissionDate": "2022-03-31T00:00:00Z", "approvalDate": "2022-04-29T00:00:00Z", "approvedBy": "PS, State Department for Transport", "comments": "Severely impacted by COVID-19 travel restrictions. Fleet grounded from March to August 2021. Staff furlough scheme reduced payroll costs." },
  { "id": 2008, "companyId": 21, "year": 2020, "quarter": null, "reportType": "Annual", "totalRevenue": 18500000000, "netProfit": -11200000000, "totalAssets": 70000000000, "totalLiabilities": 105000000000, "totalEquity": -35000000000, "operatingCashFlow": -3500000000, "status": "Approved", "submissionDate": "2021-03-31T00:00:00Z", "approvalDate": "2021-04-30T00:00:00Z", "approvedBy": "PS, State Department for Transport", "comments": "Worst financial year in company history due to COVID-19. Revenue declined 56% year-on-year. Pandemic-related impairments of KES 4.8bn recognised." },
  { "id": 2009, "companyId": 21, "year": 2019, "quarter": null, "reportType": "Annual", "totalRevenue": 42100000000, "netProfit": -4500000000, "totalAssets": 85000000000, "totalLiabilities": 108000000000, "totalEquity": -23000000000, "operatingCashFlow": 3200000000, "status": "Approved", "submissionDate": "2020-03-31T00:00:00Z", "approvalDate": "2020-04-30T00:00:00Z", "approvedBy": "PS, State Department for Transport", "comments": "Pre-COVID operations. High debt servicing costs and aircraft lease obligations continue to pressure margins despite solid revenue performance." },
  { "id": 2010, "companyId": 22, "year": 2023, "quarter": null, "reportType": "Annual", "totalRevenue": 40500000000, "netProfit": 8200000000, "totalAssets": 185000000000, "totalLiabilities": 88000000000, "totalEquity": 97000000000, "operatingCashFlow": 15500000000, "status": "Approved", "submissionDate": "2024-03-31T00:00:00Z", "approvalDate": "2024-04-30T00:00:00Z", "approvedBy": "PS, State Department for Transport", "comments": "Record revenue driven by 14.2% increase in container throughput at Kilindini Harbour. New berths 21-24 fully operational." },
  { "id": 2011, "companyId": 22, "year": 2022, "quarter": null, "reportType": "Annual", "totalRevenue": 38200000000, "netProfit": 7100000000, "totalAssets": 172000000000, "totalLiabilities": 82000000000, "totalEquity": 90000000000, "operatingCashFlow": 14200000000, "status": "Approved", "submissionDate": "2023-03-31T00:00:00Z", "approvalDate": "2023-04-28T00:00:00Z", "approvedBy": "PS, State Department for Transport", "comments": "Strong performance driven by regional trade recovery post-COVID and increased transit cargo for Uganda, South Sudan, and DRC." },
  { "id": 2012, "companyId": 22, "year": 2021, "quarter": null, "reportType": "Annual", "totalRevenue": 35800000000, "netProfit": 6500000000, "totalAssets": 162000000000, "totalLiabilities": 78000000000, "totalEquity": 84000000000, "operatingCashFlow": 13100000000, "status": "Approved", "submissionDate": "2022-03-31T00:00:00Z", "approvalDate": "2022-04-29T00:00:00Z", "approvedBy": "PS, State Department for Transport", "comments": "Resilient performance despite pandemic disruptions. Port designated essential infrastructure. Cargo volumes maintained throughout COVID period." },
  { "id": 2013, "companyId": 22, "year": 2020, "quarter": null, "reportType": "Annual", "totalRevenue": 32500000000, "netProfit": 5800000000, "totalAssets": 152000000000, "totalLiabilities": 72000000000, "totalEquity": 80000000000, "operatingCashFlow": 12500000000, "status": "Approved", "submissionDate": "2021-03-31T00:00:00Z", "approvalDate": "2021-04-30T00:00:00Z", "approvedBy": "PS, State Department for Transport", "comments": "Moderate growth despite COVID-19 impact on global trade volumes. COVID protocols added KES 420m in operational costs." },
  { "id": 2014, "companyId": 22, "year": 2019, "quarter": null, "reportType": "Annual", "totalRevenue": 30800000000, "netProfit": 5200000000, "totalAssets": 142000000000, "totalLiabilities": 68000000000, "totalEquity": 74000000000, "operatingCashFlow": 11800000000, "status": "Approved", "submissionDate": "2020-03-31T00:00:00Z", "approvalDate": "2020-04-30T00:00:00Z", "approvedBy": "PS, State Department for Transport", "comments": "Consistent growth trajectory. Berth 19-20 expansion phase 1 completed. Container throughput reached 1.4 million TEUs." },
  { "id": 2015, "companyId": 20, "year": 2023, "quarter": "Q1", "reportType": "Quarterly", "totalRevenue": 13800000000, "netProfit": 620000000, "totalAssets": 258000000000, "totalLiabilities": 172000000000, "totalEquity": 86000000000, "operatingCashFlow": 2800000000, "status": "Approved", "submissionDate": "2023-05-15T00:00:00Z", "approvalDate": "2023-06-15T00:00:00Z", "approvedBy": "PS, State Department for Energy", "comments": "Q1 performance on track with annual targets. Collection efficiency improved to 94%." },
  { "id": 2016, "companyId": 20, "year": 2023, "quarter": "Q2", "reportType": "Quarterly", "totalRevenue": 14200000000, "netProfit": 680000000, "totalAssets": 260000000000, "totalLiabilities": 174000000000, "totalEquity": 86000000000, "operatingCashFlow": 3000000000, "status": "Approved", "submissionDate": "2023-08-15T00:00:00Z", "approvalDate": "2023-09-15T00:00:00Z", "approvedBy": "PS, State Department for Energy", "comments": "Strong Q2 performance driven by long rains season and stable geothermal generation from Olkaria V." },
  { "id": 2017, "companyId": 20, "year": 2023, "quarter": "Q3", "reportType": "Quarterly", "totalRevenue": 15100000000, "netProfit": 750000000, "totalAssets": 263000000000, "totalLiabilities": 176000000000, "totalEquity": 87000000000, "operatingCashFlow": 3200000000, "status": "Approved", "submissionDate": "2023-11-15T00:00:00Z", "approvalDate": "2023-12-15T00:00:00Z", "approvedBy": "PS, State Department for Energy", "comments": "Record Q3 performance. 45,000 new LMCP connections contributed KES 380m additional revenue." },
  { "id": 2018, "companyId": 21, "year": 2023, "quarter": "Q1", "reportType": "Quarterly", "totalRevenue": 9500000000, "netProfit": -1200000000, "totalAssets": 85000000000, "totalLiabilities": 121000000000, "totalEquity": -36000000000, "operatingCashFlow": 400000000, "status": "Approved", "submissionDate": "2023-05-15T00:00:00Z", "approvalDate": "2023-06-15T00:00:00Z", "approvedBy": "PS, State Department for Transport", "comments": "Q1 losses driven by elevated Jet A-1 fuel prices averaging KES 182/litre. Passenger load factor at 74%." },
  { "id": 2019, "companyId": 21, "year": 2023, "quarter": "Q2", "reportType": "Quarterly", "totalRevenue": 11200000000, "netProfit": -800000000, "totalAssets": 87000000000, "totalLiabilities": 123000000000, "totalEquity": -36000000000, "operatingCashFlow": 600000000, "status": "Approved", "submissionDate": "2023-08-15T00:00:00Z", "approvalDate": "2023-09-15T00:00:00Z", "approvedBy": "PS, State Department for Transport", "comments": "Improved Q2 performance during peak travel season. International routes showing recovery with London, Amsterdam and Dubai performing well." },
  { "id": 2020, "companyId": 21, "year": 2023, "quarter": "Q3", "reportType": "Quarterly", "totalRevenue": 12800000000, "netProfit": -600000000, "totalAssets": 88000000000, "totalLiabilities": 124000000000, "totalEquity": -36000000000, "operatingCashFlow": 700000000, "status": "Approved", "submissionDate": "2023-11-15T00:00:00Z", "approvalDate": "2023-12-15T00:00:00Z", "approvedBy": "PS, State Department for Transport", "comments": "Progressive improvement continues. New SkyTeam codeshare agreements with Air France-KLM contributing KES 320m additional revenue." },
  { "id": 2021, "companyId": 22, "year": 2023, "quarter": "Q1", "reportType": "Quarterly", "totalRevenue": 9200000000, "netProfit": 1800000000, "totalAssets": 178000000000, "totalLiabilities": 84000000000, "totalEquity": 94000000000, "operatingCashFlow": 3500000000, "status": "Approved", "submissionDate": "2023-05-15T00:00:00Z", "approvalDate": "2023-06-15T00:00:00Z", "approvedBy": "PS, State Department for Transport", "comments": "Strong Q1 performance. Container throughput of 305,000 TEUs, up 8.5% year-on-year." },
  { "id": 2022, "companyId": 22, "year": 2023, "quarter": "Q2", "reportType": "Quarterly", "totalRevenue": 10100000000, "netProfit": 2100000000, "totalAssets": 181000000000, "totalLiabilities": 86000000000, "totalEquity": 95000000000, "operatingCashFlow": 3800000000, "status": "Approved", "submissionDate": "2023-08-15T00:00:00Z", "approvalDate": "2023-09-15T00:00:00Z", "approvedBy": "PS, State Department for Transport", "comments": "Q2 throughput of 325,000 TEUs — highest quarterly throughput in KPA history. New bulk cargo berth operational." },
  { "id": 2023, "companyId": 22, "year": 2023, "quarter": "Q3", "reportType": "Quarterly", "totalRevenue": 10800000000, "netProfit": 2200000000, "totalAssets": 183000000000, "totalLiabilities": 87000000000, "totalEquity": 96000000000, "operatingCashFlow": 3900000000, "status": "Approved", "submissionDate": "2023-11-15T00:00:00Z", "approvalDate": "2023-12-15T00:00:00Z", "approvedBy": "PS, State Department for Transport", "comments": "Continued strong performance. Average vessel turnaround time reduced to 3.2 days, improving competitive positioning." },
  { "id": 2024, "companyId": 20, "year": 2023, "quarter": "Q4", "reportType": "Quarterly", "totalRevenue": 15400000000, "netProfit": 750000000, "totalAssets": 265000000000, "totalLiabilities": 178000000000, "totalEquity": 87000000000, "operatingCashFlow": 3000000000, "status": "Submitted", "submissionDate": "2024-02-15T00:00:00Z", "approvalDate": null, "approvedBy": null, "comments": "Q4 2023 preliminary results. Pending board review and approval." },
  { "id": 2025, "companyId": 21, "year": 2023, "quarter": "Q4", "reportType": "Quarterly", "totalRevenue": 10000000000, "netProfit": -1200000000, "totalAssets": 89000000000, "totalLiabilities": 125000000000, "totalEquity": -36000000000, "operatingCashFlow": 400000000, "status": "Submitted", "submissionDate": "2024-02-15T00:00:00Z", "approvalDate": null, "approvedBy": null, "comments": "Q4 2023 preliminary results. Holiday season partially offset by aircraft maintenance grounding." },
  { "id": 2026, "companyId": 22, "year": 2023, "quarter": "Q4", "reportType": "Quarterly", "totalRevenue": 10400000000, "netProfit": 2100000000, "totalAssets": 185000000000, "totalLiabilities": 88000000000, "totalEquity": 97000000000, "operatingCashFlow": 4300000000, "status": "Submitted", "submissionDate": "2024-02-15T00:00:00Z", "approvalDate": null, "approvedBy": null, "comments": "Q4 2023 preliminary results. Year-end container throughput reached 1.28 million TEUs — new annual record." }
]
