[
  {
    "id": 1,
    "companyId": 1,
    "year": 2024,
    "quarter": null,
    "reportType": "Annual",
    "totalRevenue": 15200000000,
    "netProfit": 1800000000,
    "totalAssets": 45000000000,
    "totalLiabilities": 28000000000,
    "totalEquity": 17000000000,
    "operatingCashFlow": 2100000000,
    "status": "Approved",
    "submissionDate": "2025-03-15T00:00:00",
    "approvalDate": "2025-04-10T00:00:00",
    "approvedBy": "Dr. Situmbeko Musokotwane",
    "comments": "Strong performance despite load shedding challenges.",
    "_test": "marker"
  },
  {
    "id": 2,
    "companyId": 1,
    "year": 2023,
    "quarter": null,
    "reportType": "Annual",
    "totalRevenue": 14500000000,
    "netProfit": 1650000000,
    "totalAssets": 42000000000,
    "totalLiabilities": 26500000000,
    "totalEquity": 15500000000,
    "operatingCashFlow": 1950000000,
    "status": "Approved",
    "submissionDate": "2024-03-20T00:00:00",
    "approvalDate": "2024-04-15T00:00:00",
    "approvedBy": "Dr. Situmbeko Musokotwane",
    "comments": "Improved revenue from electricity tariff adjustments."
  },
  {
    "id": 3,
    "companyId": 1,
    "year": 2022,
    "quarter": null,
    "reportType": "Annual",
    "totalRevenue": 13800000000,
    "netProfit": 1420000000,
    "totalAssets": 40000000000,
    "totalLiabilities": 25000000000,
    "totalEquity": 15000000000,
    "operatingCashFlow": 1750000000,
    "status": "Approved",
    "submissionDate": "2023-03-18T00:00:00",
    "approvalDate": "2023-04-12T00:00:00",
    "approvedBy": "Dr. Situmbeko Musokotwane",
    "comments": "Steady growth driven by increased electricity demand."
  },
  {
    "id": 4,
    "companyId": 1,
    "year": 2021,
    "quarter": null,
    "reportType": "Annual",
    "totalRevenue": 14200000000,
    "netProfit": 1550000000,
    "totalAssets": 38500000000,
    "totalLiabilities": 24000000000,
    "totalEquity": 14500000000,
    "operatingCashFlow": 1850000000,
    "status": "Approved",
    "submissionDate": "2022-03-25T00:00:00",
    "approvalDate": "2022-04-20T00:00:00",
    "approvedBy": "Dr. Bwalya Ng'andu",
    "comments": "Recovery from COVID-19 impacts. Improved collections."
  },
  {
    "id": 5,
    "companyId": 1,
    "year": 2020,
    "quarter": null,
    "reportType": "Annual",
    "totalRevenue": 13100000000,
    "netProfit": 1320000000,
    "totalAssets": 36000000000,
    "totalLiabilities": 22500000000,
    "totalEquity": 13500000000,
    "operatingCashFlow": 1580000000,
    "status": "Approved",
    "submissionDate": "2021-03-22T00:00:00",
    "approvalDate": "2021-04-18T00:00:00",
    "approvedBy": "Dr. Bwalya Ng'andu",
    "comments": "Resilient performance despite COVID-19 economic disruptions."
  },
  {
    "id": 6,
    "companyId": 1,
    "year": 2024,
    "quarter": 3,
    "reportType": "Quarterly",
    "totalRevenue": 3800000000,
    "netProfit": 450000000,
    "totalAssets": 45000000000,
    "totalLiabilities": 28000000000,
    "totalEquity": 17000000000,
    "operatingCashFlow": 520000000,
    "status": "Submitted",
    "submissionDate": "2024-10-31T00:00:00",
    "approvalDate": null,
    "approvedBy": null,
    "comments": "Q3 performance in line with annual projections."
  },
  {
    "id": 7,
    "companyId": 1,
    "year": 2024,
    "quarter": 2,
    "reportType": "Quarterly",
    "totalRevenue": 3850000000,
    "netProfit": 460000000,
    "totalAssets": 44500000000,
    "totalLiabilities": 27800000000,
    "totalEquity": 16700000000,
    "operatingCashFlow": 530000000,
    "status": "Approved",
    "submissionDate": "2024-07-31T00:00:00",
    "approvalDate": "2024-08-20T00:00:00",
    "approvedBy": "Dr. Situmbeko Musokotwane",
    "comments": "Strong Q2 with improved generation capacity."
  },
  {
    "id": 8,
    "companyId": 2,
    "year": 2024,
    "quarter": null,
    "reportType": "Annual",
    "totalRevenue": 8800000000,
    "netProfit": 1100000000,
    "totalAssets": 32000000000,
    "totalLiabilities": 18000000000,
    "totalEquity": 14000000000,
    "operatingCashFlow": 1250000000,
    "status": "Approved",
    "submissionDate": "2025-03-10T00:00:00",
    "approvalDate": "2025-04-05T00:00:00",
    "approvedBy": "Dr. Situmbeko Musokotwane",
    "comments": "Strong investment portfolio performance across all sectors."
  },
  {
    "id": 9,
    "companyId": 2,
    "year": 2023,
    "quarter": null,
    "reportType": "Annual",
    "totalRevenue": 8200000000,
    "netProfit": 950000000,
    "totalAssets": 30000000000,
    "totalLiabilities": 17000000000,
    "totalEquity": 13000000000,
    "operatingCashFlow": 1100000000,
    "status": "Approved",
    "submissionDate": "2024-03-12T00:00:00",
    "approvalDate": "2024-04-08T00:00:00",
    "approvedBy": "Dr. Situmbeko Musokotwane",
    "comments": "Diversified portfolio yielding consistent returns."
  },
  {
    "id": 10,
    "companyId": 2,
    "year": 2022,
    "quarter": null,
    "reportType": "Annual",
    "totalRevenue": 7600000000,
    "netProfit": 820000000,
    "totalAssets": 28000000000,
    "totalLiabilities": 16000000000,
    "totalEquity": 12000000000,
    "operatingCashFlow": 950000000,
    "status": "Approved",
    "submissionDate": "2023-03-15T00:00:00",
    "approvalDate": "2023-04-10T00:00:00",
    "approvedBy": "Dr. Situmbeko Musokotwane",
    "comments": "Mining and agriculture investments performing well."
  },
  {
    "id": 11,
    "companyId": 2,
    "year": 2021,
    "quarter": null,
    "reportType": "Annual",
    "totalRevenue": 7100000000,
    "netProfit": 750000000,
    "totalAssets": 26000000000,
    "totalLiabilities": 15000000000,
    "totalEquity": 11000000000,
    "operatingCashFlow": 880000000,
    "status": "Approved",
    "submissionDate": "2022-03-20T00:00:00",
    "approvalDate": "2022-04-15T00:00:00",
    "approvedBy": "Dr. Bwalya Ng'andu",
    "comments": "Post-pandemic recovery reflected in improved margins."
  },
  {
    "id": 12,
    "companyId": 2,
    "year": 2020,
    "quarter": null,
    "reportType": "Annual",
    "totalRevenue": 6800000000,
    "netProfit": 680000000,
    "totalAssets": 24500000000,
    "totalLiabilities": 14200000000,
    "totalEquity": 10300000000,
    "operatingCashFlow": 780000000,
    "status": "Approved",
    "submissionDate": "2021-03-25T00:00:00",
    "approvalDate": "2021-04-20T00:00:00",
    "approvedBy": "Dr. Bwalya Ng'andu",
    "comments": "Resilient performance despite COVID-19 disruptions."
  },
  {
    "id": 13,
    "companyId": 2,
    "year": 2024,
    "quarter": 3,
    "reportType": "Quarterly",
    "totalRevenue": 2200000000,
    "netProfit": 275000000,
    "totalAssets": 32000000000,
    "totalLiabilities": 18000000000,
    "totalEquity": 14000000000,
    "operatingCashFlow": 315000000,
    "status": "Under Review",
    "submissionDate": "2024-10-31T00:00:00",
    "approvalDate": null,
    "approvedBy": null,
    "comments": "Q3 2024 under review by board audit committee."
  },
  {
    "id": 14,
    "companyId": 2,
    "year": 2023,
    "quarter": 4,
    "reportType": "Quarterly",
    "totalRevenue": 2100000000,
    "netProfit": 250000000,
    "totalAssets": 30000000000,
    "totalLiabilities": 17000000000,
    "totalEquity": 13000000000,
    "operatingCashFlow": 290000000,
    "status": "Approved",
    "submissionDate": "2024-01-31T00:00:00",
    "approvalDate": "2024-02-20T00:00:00",
    "approvedBy": "Dr. Situmbeko Musokotwane",
    "comments": "Q4 2023 in line with annual targets."
  },
  {
    "id": 15,
    "companyId": 3,
    "year": 2024,
    "quarter": null,
    "reportType": "Annual",
    "totalRevenue": 5200000000,
    "netProfit": 680000000,
    "totalAssets": 18500000000,
    "totalLiabilities": 12000000000,
    "totalEquity": 6500000000,
    "operatingCashFlow": 820000000,
    "status": "Approved",
    "submissionDate": "2025-02-28T00:00:00",
    "approvalDate": "2025-03-25T00:00:00",
    "approvedBy": "Dr. Situmbeko Musokotwane",
    "comments": "Strong loan book growth and improved net interest margin."
  },
  {
    "id": 16,
    "companyId": 3,
    "year": 2023,
    "quarter": null,
    "reportType": "Annual",
    "totalRevenue": 4900000000,
    "netProfit": 620000000,
    "totalAssets": 17000000000,
    "totalLiabilities": 11000000000,
    "totalEquity": 6000000000,
    "operatingCashFlow": 750000000,
    "status": "Approved",
    "submissionDate": "2024-02-29T00:00:00",
    "approvalDate": "2024-03-20T00:00:00",
    "approvedBy": "Dr. Situmbeko Musokotwane",
    "comments": "Digital banking transformation driving revenue growth."
  },
  {
    "id": 17,
    "companyId": 3,
    "year": 2022,
    "quarter": null,
    "reportType": "Annual",
    "totalRevenue": 4600000000,
    "netProfit": 580000000,
    "totalAssets": 15500000000,
    "totalLiabilities": 10000000000,
    "totalEquity": 5500000000,
    "operatingCashFlow": 700000000,
    "status": "Approved",
    "submissionDate": "2023-02-28T00:00:00",
    "approvalDate": "2023-03-25T00:00:00",
    "approvedBy": "Dr. Situmbeko Musokotwane",
    "comments": "Expanded branch network boosting customer deposits."
  },
  {
    "id": 18,
    "companyId": 3,
    "year": 2021,
    "quarter": null,
    "reportType": "Annual",
    "totalRevenue": 4300000000,
    "netProfit": 540000000,
    "totalAssets": 14000000000,
    "totalLiabilities": 9000000000,
    "totalEquity": 5000000000,
    "operatingCashFlow": 650000000,
    "status": "Approved",
    "submissionDate": "2022-02-28T00:00:00",
    "approvalDate": "2022-03-22T00:00:00",
    "approvedBy": "Dr. Bwalya Ng'andu",
    "comments": "Solid performance with improved fee income."
  },
  {
    "id": 19,
    "companyId": 3,
    "year": 2020,
    "quarter": null,
    "reportType": "Annual",
    "totalRevenue": 4000000000,
    "netProfit": 490000000,
    "totalAssets": 13000000000,
    "totalLiabilities": 8500000000,
    "totalEquity": 4500000000,
    "operatingCashFlow": 600000000,
    "status": "Approved",
    "submissionDate": "2021-02-26T00:00:00",
    "approvalDate": "2021-03-20T00:00:00",
    "approvedBy": "Dr. Bwalya Ng'andu",
    "comments": "Maintained profitability despite COVID-19 economic headwinds."
  },
  {
    "id": 20,
    "companyId": 3,
    "year": 2024,
    "quarter": 3,
    "reportType": "Quarterly",
    "totalRevenue": 1300000000,
    "netProfit": 170000000,
    "totalAssets": 18500000000,
    "totalLiabilities": 12000000000,
    "totalEquity": 6500000000,
    "operatingCashFlow": 205000000,
    "status": "Submitted",
    "submissionDate": "2024-10-31T00:00:00",
    "approvalDate": null,
    "approvedBy": null,
    "comments": "Q3 2024 submitted to Bank of Zambia regulatory portal."
  },
  {
    "id": 21,
    "companyId": 3,
    "year": 2023,
    "quarter": 4,
    "reportType": "Quarterly",
    "totalRevenue": 1250000000,
    "netProfit": 160000000,
    "totalAssets": 17000000000,
    "totalLiabilities": 11000000000,
    "totalEquity": 6000000000,
    "operatingCashFlow": 195000000,
    "status": "Approved",
    "submissionDate": "2024-01-31T00:00:00",
    "approvalDate": "2024-02-10T00:00:00",
    "approvedBy": "Dr. Situmbeko Musokotwane",
    "comments": "Q4 2023 results surpassed quarterly targets."
  },
  {
    "id": 22,
    "companyId": 4,
    "year": 2024,
    "quarter": null,
    "reportType": "Annual",
    "totalRevenue": 1900000000,
    "netProfit": -50000000,
    "totalAssets": 12000000000,
    "totalLiabilities": 8500000000,
    "totalEquity": 3500000000,
    "operatingCashFlow": 150000000,
    "status": "Submitted",
    "submissionDate": "2025-03-20T00:00:00",
    "approvalDate": null,
    "approvedBy": null,
    "comments": "Operating loss due to high maintenance costs and aging locomotive fleet."
  },
  {
    "id": 23,
    "companyId": 4,
    "year": 2023,
    "quarter": null,
    "reportType": "Annual",
    "totalRevenue": 1750000000,
    "netProfit": -120000000,
    "totalAssets": 11500000000,
    "totalLiabilities": 8200000000,
    "totalEquity": 3300000000,
    "operatingCashFlow": 80000000,
    "status": "Approved",
    "submissionDate": "2024-03-22T00:00:00",
    "approvalDate": "2024-04-18T00:00:00",
    "approvedBy": "Dr. Situmbeko Musokotwane",
    "comments": "Persistent losses due to track rehabilitation costs and reduced freight volumes."
  },
  {
    "id": 24,
    "companyId": 4,
    "year": 2022,
    "quarter": null,
    "reportType": "Annual",
    "totalRevenue": 1650000000,
    "netProfit": 80000000,
    "totalAssets": 11000000000,
    "totalLiabilities": 7800000000,
    "totalEquity": 3200000000,
    "operatingCashFlow": 200000000,
    "status": "Approved",
    "submissionDate": "2023-03-20T00:00:00",
    "approvalDate": "2023-04-15T00:00:00",
    "approvedBy": "Dr. Situmbeko Musokotwane",
    "comments": "Marginal profit driven by increased copper freight volumes."
  },
  {
    "id": 25,
    "companyId": 4,
    "year": 2021,
    "quarter": null,
    "reportType": "Annual",
    "totalRevenue": 1550000000,
    "netProfit": -180000000,
    "totalAssets": 10500000000,
    "totalLiabilities": 7500000000,
    "totalEquity": 3000000000,
    "operatingCashFlow": 50000000,
    "status": "Approved",
    "submissionDate": "2022-03-25T00:00:00",
    "approvalDate": "2022-04-20T00:00:00",
    "approvedBy": "Dr. Bwalya Ng'andu",
    "comments": "COVID-19 impact on freight volumes and passenger services led to losses."
  },
  {
    "id": 26,
    "companyId": 4,
    "year": 2020,
    "quarter": null,
    "reportType": "Annual",
    "totalRevenue": 1500000000,
    "netProfit": -250000000,
    "totalAssets": 10000000000,
    "totalLiabilities": 7200000000,
    "totalEquity": 2800000000,
    "operatingCashFlow": -50000000,
    "status": "Approved",
    "submissionDate": "2021-03-22T00:00:00",
    "approvalDate": "2021-04-18T00:00:00",
    "approvedBy": "Dr. Bwalya Ng'andu",
    "comments": "Significant losses due to COVID-19 and aging infrastructure."
  },
  {
    "id": 27,
    "companyId": 4,
    "year": 2024,
    "quarter": 3,
    "reportType": "Quarterly",
    "totalRevenue": 475000000,
    "netProfit": -20000000,
    "totalAssets": 12000000000,
    "totalLiabilities": 8500000000,
    "totalEquity": 3500000000,
    "operatingCashFlow": 30000000,
    "status": "Draft",
    "submissionDate": null,
    "approvalDate": null,
    "approvedBy": null,
    "comments": "Q3 2024 draft pending internal audit review."
  },
  {
    "id": 28,
    "companyId": 4,
    "year": 2023,
    "quarter": 4,
    "reportType": "Quarterly",
    "totalRevenue": 450000000,
    "netProfit": -40000000,
    "totalAssets": 11500000000,
    "totalLiabilities": 8200000000,
    "totalEquity": 3300000000,
    "operatingCashFlow": 20000000,
    "status": "Approved",
    "submissionDate": "2024-01-31T00:00:00",
    "approvalDate": "2024-02-28T00:00:00",
    "approvedBy": "Dr. Situmbeko Musokotwane",
    "comments": "Q4 2023 losses driven by increased diesel fuel costs."
  },
  {
    "id": 29,
    "companyId": 5,
    "year": 2020,
    "quarter": 4,
    "reportType": "Annual",
    "totalRevenue": 4800000000,
    "netProfit": 820000000,
    "totalAssets": 19500000000,
    "totalLiabilities": 7200000000,
    "totalEquity": 12300000000,
    "operatingCashFlow": 950000000,
    "status": "Approved",
    "submissionDate": "2021-03-31T00:00:00",
    "approvalDate": "2021-05-28T00:00:00",
    "approvedBy": "Dr. Mwila Phiri",
    "comments": "FY2020 annual report. Copper prices recovered in H2 2020 supporting solid dividend income from portfolio."
  },
  {
    "id": 30,
    "companyId": 5,
    "year": 2021,
    "quarter": 4,
    "reportType": "Annual",
    "totalRevenue": 5400000000,
    "netProfit": 1050000000,
    "totalAssets": 20200000000,
    "totalLiabilities": 7500000000,
    "totalEquity": 12700000000,
    "operatingCashFlow": 1100000000,
    "status": "Approved",
    "submissionDate": "2022-03-31T00:00:00",
    "approvalDate": "2022-05-30T00:00:00",
    "approvedBy": "Dr. Mwila Phiri",
    "comments": "FY2021 strong performance driven by elevated copper and cobalt prices."
  },
  {
    "id": 31,
    "companyId": 5,
    "year": 2022,
    "quarter": 4,
    "reportType": "Annual",
    "totalRevenue": 6100000000,
    "netProfit": 1180000000,
    "totalAssets": 21000000000,
    "totalLiabilities": 7800000000,
    "totalEquity": 13200000000,
    "operatingCashFlow": 1250000000,
    "status": "Approved",
    "submissionDate": "2023-03-31T00:00:00",
    "approvalDate": "2023-05-31T00:00:00",
    "approvedBy": "Dr. Mwila Phiri",
    "comments": "FY2022 record revenue. LME copper averaged USD 8,800/t. Mine rehabilitation provision increased by ZMW 450M."
  },
  {
    "id": 32,
    "companyId": 5,
    "year": 2023,
    "quarter": 4,
    "reportType": "Annual",
    "totalRevenue": 6200000000,
    "netProfit": 1200000000,
    "totalAssets": 22000000000,
    "totalLiabilities": 8100000000,
    "totalEquity": 13900000000,
    "operatingCashFlow": 1280000000,
    "status": "Approved",
    "submissionDate": "2024-03-31T00:00:00",
    "approvalDate": "2024-05-31T00:00:00",
    "approvedBy": "Dr. Mwila Phiri",
    "comments": "FY2023 solid results. Copper at ~USD 8,500/t. Cobalt revenues contributed positively."
  },
  {
    "id": 33,
    "companyId": 5,
    "year": 2024,
    "quarter": 4,
    "reportType": "Annual",
    "totalRevenue": 6350000000,
    "netProfit": 1240000000,
    "totalAssets": 22500000000,
    "totalLiabilities": 8300000000,
    "totalEquity": 14200000000,
    "operatingCashFlow": 1310000000,
    "status": "Pending",
    "submissionDate": "2025-03-31T00:00:00",
    "approvalDate": null,
    "approvedBy": null,
    "comments": "FY2024 draft annual accounts under review by Ernst and Young Zambia. Pending board audit committee sign-off."
  },
  {
    "id": 34,
    "companyId": 5,
    "year": 2025,
    "quarter": 1,
    "reportType": "Quarterly",
    "totalRevenue": 1620000000,
    "netProfit": 310000000,
    "totalAssets": 22700000000,
    "totalLiabilities": 8400000000,
    "totalEquity": 14300000000,
    "operatingCashFlow": 340000000,
    "status": "Draft",
    "submissionDate": "2025-04-30T00:00:00",
    "approvalDate": null,
    "approvedBy": null,
    "comments": "Q1 2025 management accounts. Copper prices remain elevated above USD 9,000/t."
  },
  {
    "id": 35,
    "companyId": 6,
    "year": 2024,
    "quarter": null,
    "reportType": "Annual",
    "totalRevenue": 2800000000,
    "netProfit": 320000000,
    "totalAssets": 5500000000,
    "totalLiabilities": 2800000000,
    "totalEquity": 2700000000,
    "operatingCashFlow": 410000000,
    "status": "Submitted",
    "submissionDate": "2025-03-28T00:00:00",
    "approvalDate": null,
    "approvedBy": null,
    "comments": "FY2024 accounts submitted to the Ministry of Mines and Minerals Development. External audit by KPMG Zambia in progress."
  },
  {
    "id": 36,
    "companyId": 6,
    "year": 2023,
    "quarter": null,
    "reportType": "Annual",
    "totalRevenue": 2450000000,
    "netProfit": 270000000,
    "totalAssets": 5100000000,
    "totalLiabilities": 2600000000,
    "totalEquity": 2500000000,
    "operatingCashFlow": 360000000,
    "status": "Approved",
    "submissionDate": "2024-03-31T00:00:00",
    "approvalDate": "2024-05-15T00:00:00",
    "approvedBy": "Dr. Situmbeko Musokotwane",
    "comments": "FY2023 solid performance. Increased gold procurement from artisanal miners and improved refinery throughput."
  },
  {
    "id": 37,
    "companyId": 6,
    "year": 2022,
    "quarter": null,
    "reportType": "Annual",
    "totalRevenue": 2100000000,
    "netProfit": 210000000,
    "totalAssets": 4700000000,
    "totalLiabilities": 2400000000,
    "totalEquity": 2300000000,
    "operatingCashFlow": 295000000,
    "status": "Approved",
    "submissionDate": "2023-03-31T00:00:00",
    "approvalDate": "2023-05-20T00:00:00",
    "approvedBy": "Dr. Situmbeko Musokotwane",
    "comments": "FY2022 growth driven by higher gold prices (average USD 1,800/oz) and formalisation of artisanal mining channels."
  },
  {
    "id": 38,
    "companyId": 6,
    "year": 2021,
    "quarter": null,
    "reportType": "Annual",
    "totalRevenue": 1750000000,
    "netProfit": 140000000,
    "totalAssets": 4200000000,
    "totalLiabilities": 2200000000,
    "totalEquity": 2000000000,
    "operatingCashFlow": 210000000,
    "status": "Approved",
    "submissionDate": "2022-03-31T00:00:00",
    "approvalDate": "2022-05-25T00:00:00",
    "approvedBy": "Dr. Bwalya Ng'andu",
    "comments": "FY2021 first full year of operations. Company ramped up gold buying centres and commenced refinery commissioning."
  },
  {
    "id": 39,
    "companyId": 6,
    "year": 2024,
    "quarter": 3,
    "reportType": "Quarterly",
    "totalRevenue": 720000000,
    "netProfit": 84000000,
    "totalAssets": 5500000000,
    "totalLiabilities": 2800000000,
    "totalEquity": 2700000000,
    "operatingCashFlow": 105000000,
    "status": "Submitted",
    "submissionDate": "2024-10-31T00:00:00",
    "approvalDate": null,
    "approvedBy": null,
    "comments": "Q3 2024 management accounts. Gold price averaged USD 2,430/oz during the quarter."
  },
  {
    "id": 40,
    "companyId": 6,
    "year": 2024,
    "quarter": 2,
    "reportType": "Quarterly",
    "totalRevenue": 695000000,
    "netProfit": 80000000,
    "totalAssets": 5400000000,
    "totalLiabilities": 2750000000,
    "totalEquity": 2650000000,
    "operatingCashFlow": 100000000,
    "status": "Approved",
    "submissionDate": "2024-07-31T00:00:00",
    "approvalDate": "2024-08-25T00:00:00",
    "approvedBy": "Dr. Situmbeko Musokotwane",
    "comments": "Q2 2024 results in line with annual projections. Artisanal gold deliveries increased by 18% vs Q2 2023."
  }
]